@article{dyna,
 author = {Sutton, Richard S.},
 title = {Dyna, an Integrated Architecture for Learning, Planning, and Reacting},
 journal = {SIGART Bull.},
 issue_date = {Aug. 1991},
 volume = {2},
 number = {4},
 month = jul,
 year = {1991},
 pages = {160--163},
 numpages = {4},
 publisher = {ACM},
 address = {New York, NY, USA},
} 

@InProceedings{uncertainty_driven_imagination,
  title = 	 {Uncertainty-driven Imagination for Continuous Deep Reinforcement Learning},
  author = 	 {Gabriel Kalweit and Joschka Boedecker},
  booktitle = 	 {Proceedings of the 1st Annual Conference on Robot Learning},
  pages = 	 {195--206},
  year = 	 {2017},
  editor = 	 {Sergey Levine and Vincent Vanhoucke and Ken Goldberg},
  volume = 	 {78},
  series = 	 {Proceedings of Machine Learning Research},
  address = 	 {},
  month = 	 {13--15 Nov},
  publisher = 	 {PMLR},
}

@inproceedings{BengioVJS15,
  author    = {Samy Bengio and
               Oriol Vinyals and
               Navdeep Jaitly and
               Noam Shazeer},
  title     = {Scheduled Sampling for Sequence Prediction with Recurrent Neural Networks},
  booktitle = {Advances in Neural Information Processing Systems 28: Annual Conference
               on Neural Information Processing Systems 2015, December 7-12, 2015,
               Montreal, Quebec, Canada},
  pages     = {1171--1179},
  year      = {2015},
  bibsource = {dblp computer science bibliography, https://dblp.org}
}

@article{Pohlenetal2018,
  author    = {Tobias Pohlen and
               Bilal Piot and
               Todd Hester and
               Mohammad Gheshlaghi Azar and
               Dan Horgan and
               David Budden and
               Gabriel Barth{-}Maron and
               Hado van Hasselt and
               John Quan and
               Mel Vecer{\'{\i}}k and
               Matteo Hessel and
               R{\'{e}}mi Munos and
               Olivier Pietquin},
  title     = {Observe and Look Further: Achieving Consistent Performance on Atari},
  journal   = {CoRR},
  volume    = {abs/1805.11593},
  year      = {2018},
  archivePrefix = {arXiv},
  eprint    = {1805.11593},
  timestamp = {Mon, 13 Aug 2018 16:48:00 +0200},
  biburl    = {https://dblp.org/rec/bib/journals/corr/abs-1805-11593},
  bibsource = {dblp computer science bibliography, https://dblp.org}
}

@article{model_based_value_estimation,
  author    = {Vladimir Feinberg and
               Alvin Wan and
               Ion Stoica and
               Michael I. Jordan and
               Joseph E. Gonzalez and
               Sergey Levine},
  title     = {Model-Based Value Estimation for Efficient Model-Free Reinforcement
               Learning},
  journal   = {CoRR},
  volume    = {abs/1803.00101},
  year      = {2018},
  archivePrefix = {arXiv},
  eprint    = {1803.00101},
  timestamp = {Mon, 13 Aug 2018 16:47:50 +0200},
  bibsource = {dblp computer science bibliography, https://dblp.org}
}

@article{stochastic_value_gradients,
  author    = {Nicolas Heess and
               Greg Wayne and
               David Silver and
               Timothy P. Lillicrap and
               Yuval Tassa and
               Tom Erez},
  title     = {Learning Continuous Control Policies by Stochastic Value Gradients},
  journal   = {CoRR},
  volume    = {abs/1510.09142},
  year      = {2015},
  archivePrefix = {arXiv},
  eprint    = {1510.09142},
  timestamp = {Mon, 13 Aug 2018 16:48:14 +0200},
  bibsource = {dblp computer science bibliography, https://dblp.org}
}

@inproceedings{vtrace,
  author    = {Lasse Espeholt and
               Hubert Soyer and
               R{\'{e}}mi Munos and
               Karen Simonyan and
               Volodymyr Mnih and
               Tom Ward and
               Yotam Doron and
               Vlad Firoiu and
               Tim Harley and
               Iain Dunning and
               Shane Legg and
               Koray Kavukcuoglu},
  title     = {{IMPALA:} Scalable Distributed Deep-RL with Importance Weighted Actor-Learner
               Architectures},
  booktitle = {Proceedings of the 35th International Conference on Machine Learning,
               {ICML} },
  pages     = {1406--1415},
  year      = {2018},
  timestamp = {Fri, 13 Jul 2018 14:58:25 +0200},
  bibsource = {dblp computer science bibliography, https://dblp.org}
}


@article{schmidhuber_formal_theory,
  author    = {J{\"{u}}rgen Schmidhuber},
  title     = {Formal Theory of Creativity, Fun, and Intrinsic Motivation {(1990-2010)}},
  journal   = {{IEEE} Trans. Autonomous Mental Development},
  volume    = {2},
  number    = {3},
  pages     = {230--247},
  year      = {2010},
  timestamp = {Wed, 14 Nov 2018 10:27:35 +0100},
  bibsource = {dblp computer science bibliography, https://dblp.org}
}

@article{woulda_coulda_shoulda,
  author    = {Lars Buesing and
               Theophane Weber and
               Yori Zwols and
               S{\'{e}}bastien Racani{\`{e}}re and
               Arthur Guez and
               Jean{-}Baptiste Lespiau and
               Nicolas Heess},
  title     = {Woulda, Coulda, Shoulda: Counterfactually-Guided Policy Search},
  journal   = {CoRR},
  volume    = {abs/1811.06272},
  year      = {2018},
  archivePrefix = {arXiv},
  eprint    = {1811.06272},
  timestamp = {Sun, 25 Nov 2018 18:57:12 +0100},
  bibsource = {dblp computer science bibliography, https://dblp.org}
}

@inproceedings{Chua18,
  author    = {Kurtland Chua and
               Roberto Calandra and
               Rowan McAllister and
               Sergey Levine},
  title     = {Deep Reinforcement Learning in a Handful of Trials using Probabilistic
               Dynamics Models},
  booktitle = {Advances in Neural Information Processing Systems},
  pages     = {4759--4770},
  year      = {2018},
  timestamp = {Sun, 16 Dec 2018 17:30:05 +0100},
  bibsource = {dblp computer science bibliography, https://dblp.org}
}

@article{video_reward_prediction,
  author    = {Felix Leibfried and
               Nate Kushman and
               Katja Hofmann},
  title     = {A Deep Learning Approach for Joint Video Frame and Reward Prediction
               in {A}tari Games},
  journal   = {CoRR},
  volume    = {abs/1611.07078},
  year      = {2016},
  archivePrefix = {arXiv},
  eprint    = {1611.07078},
  timestamp = {Mon, 13 Aug 2018 16:48:14 +0200},
  bibsource = {dblp computer science bibliography, https://dblp.org}
}


@incollection{vpn,
title = {Value Prediction Network},
author = {Oh, Junhyuk and Singh, Satinder and Lee, Honglak},
booktitle = {Advances in Neural Information Processing Systems 30},
editor = {I. Guyon and U. V. Luxburg and S. Bengio and H. Wallach and R. Fergus and S. Vishwanathan and R. Garnett},
pages = {6118--6128},
year = {2017},
publisher = {Curran Associates, Inc.},
}

@inproceedings{human_atari_minutes,
  author    = {Pedro Tsividis and
               Thomas Pouncy and
               Jaqueline L. Xu and
               Joshua B. Tenenbaum and
               Samuel J. Gershman},
  title     = {Human Learning in Atari},
  booktitle = {2017 {AAAI} Spring Symposia, Stanford University, Palo Alto, California,
               USA, March 27-29, 2017},
  year      = {2017},
  timestamp = {Tue, 13 Nov 2018 17:37:21 +0100},
  bibsource = {dblp computer science bibliography, https://dblp.org}
}

@inproceedings{trpo,
  author    = {John Schulman and
               Sergey Levine and
               Pieter Abbeel and
               Michael I. Jordan and
               Philipp Moritz},
  title     = {Trust Region Policy Optimization},
  booktitle = {Proceedings of the 32nd International Conference on Machine Learning,
               {ICML} },
  pages     = {1889--1897},
  year      = {2015},
  timestamp = {Wed, 29 Mar 2017 16:45:25 +0200},
  bibsource = {dblp computer science bibliography, https://dblp.org}
}

@article{deisenroth,
  author    = {Marc Peter Deisenroth and
               Gerhard Neumann and
               Jan Peters},
  title     = {A Survey on Policy Search for Robotics},
  journal   = {Foundations and Trends in Robotics},
  volume    = {2},
  number    = {1-2},
  year      = {2013},
  bibsource = {dblp computer science bibliography, https://dblp.org}
}

@article{piergiovanni,
  author    = {A. J. Piergiovanni and
               Alan Wu and
               Michael S. Ryoo},
  title     = {Learning Real-World Robot Policies by Dreaming},
  journal   = {CoRR},
  volume    = {abs/1805.07813},
  year      = {2018},
  archivePrefix = {arXiv},
  eprint    = {1805.07813},
  timestamp = {Mon, 13 Aug 2018 16:47:39 +0200},
  bibsource = {dblp computer science bibliography, https://dblp.org}
}


@article{paxton,
  author    = {Chris Paxton and
               Yotam Barnoy and
               Kapil D. Katyal and
               Raman Arora and
               Gregory D. Hager},
  title     = {Visual Robot Task Planning},
  journal   = {CoRR},
  volume    = {abs/1804.00062},
  year      = {2018},
  archivePrefix = {arXiv},
  eprint    = {1804.00062},
  timestamp = {Mon, 13 Aug 2018 16:49:02 +0200},
  bibsource = {dblp computer science bibliography, https://dblp.org}
}

@article{rybkin-pertsch,
  author    = {Oleh Rybkin and
               Karl Pertsch and
               Andrew Jaegle and
               Konstantinos G. Derpanis and
               Kostas Daniilidis},
  title     = {Unsupervised Learning of Sensorimotor Affordances by Stochastic Future
               Prediction},
  journal   = {CoRR},
  volume    = {abs/1806.09655},
  year      = {2018},
  archivePrefix = {arXiv},
  eprint    = {1806.09655},
  timestamp = {Mon, 13 Aug 2018 16:48:00 +0200},
  bibsource = {dblp computer science bibliography, https://dblp.org}
}

@article{hafner,
  author    = {Danijar Hafner and
               Timothy P. Lillicrap and
               Ian Fischer and
               Ruben Villegas and
               David Ha and
               Honglak Lee and
               James Davidson},
  title     = {Learning Latent Dynamics for Planning from Pixels},
  journal   = {CoRR},
  volume    = {abs/1811.04551},
  year      = {2018},
  archivePrefix = {arXiv},
  eprint    = {1811.04551},
  timestamp = {Fri, 23 Nov 2018 12:43:51 +0100},
  bibsource = {dblp computer science bibliography, https://dblp.org}
}

@article{watter},
  author    = {Manuel Watter and
               Jost Tobias Springenberg and
               Joschka Boedecker and
               Martin A. Riedmiller},
  title     = {Embed to Control: {A} Locally Linear Latent Dynamics Model for Control
               from Raw Images},
  journal   = {CoRR},
  volume    = {abs/1506.07365},
  year      = {2015},
  archivePrefix = {arXiv},
  eprint    = {1506.07365},
  timestamp = {Mon, 13 Aug 2018 16:49:00 +0200},
  bibsource = {dblp computer science bibliography, https://dblp.org}
}

@article{finn2015,
  author    = {Chelsea Finn and
               Xin Yu Tan and
               Yan Duan and
               Trevor Darrell and
               Sergey Levine and
               Pieter Abbeel},
  title     = {Learning Visual Feature Spaces for Robotic Manipulation with Deep
               Spatial Autoencoders},
  journal   = {CoRR},
  volume    = {abs/1509.06113},
  year      = {2015},
  archivePrefix = {arXiv},
  eprint    = {1509.06113},
  timestamp = {Mon, 13 Aug 2018 16:49:02 +0200},
  bibsource = {dblp computer science bibliography, https://dblp.org}
}

@article{ebert2018visual,
  title={Visual Foresight: Model-Based Deep Reinforcement Learning for Vision-Based Robotic Control},
  author={Ebert, Frederik and Finn, Chelsea and Dasari, Sudeep and Xie, Annie and Lee, Alex and Levine, Sergey},
  journal={arXiv preprint arXiv:1812.00568},
  year={2018}
}

@article{finn2016,
  author    = {Chelsea Finn and
               Sergey Levine},
  title     = {Deep Visual Foresight for Planning Robot Motion},
  journal   = {CoRR},
  volume    = {abs/1610.00696},
  year      = {2016},
  archivePrefix = {arXiv},
  eprint    = {1610.00696},
  timestamp = {Mon, 13 Aug 2018 16:46:22 +0200},
  bibsource = {dblp computer science bibliography, https://dblp.org}
}

@article{ebert,
  author    = {Frederik Ebert and
               Chelsea Finn and
               Alex X. Lee and
               Sergey Levine},
  title     = {Self-Supervised Visual Planning with Temporal Skip Connections},
  journal   = {CoRR},
  volume    = {abs/1710.05268},
  year      = {2017},
  archivePrefix = {arXiv},
  eprint    = {1710.05268},
  timestamp = {Mon, 13 Aug 2018 16:46:09 +0200},
  bibsource = {dblp computer science bibliography, https://dblp.org}
}

@article{sv2p,
  author    = {Mohammad Babaeizadeh and
               Chelsea Finn and
               Dumitru Erhan and
               Roy H. Campbell and
               Sergey Levine},
  title     = {Stochastic Variational Video Prediction},
  journal   = {ICLR},
  year      = {2017},
  archivePrefix = {arXiv},
}

@article{neural_discrete,
  author    = {A{\"{a}}ron van den Oord and
               Oriol Vinyals and
               Koray Kavukcuoglu},
  title     = {Neural Discrete Representation Learning},
  journal   = {CoRR},
  volume    = {abs/1711.00937},
  year      = {2017},
  archivePrefix = {arXiv},
  eprint    = {1711.00937},
  timestamp = {Mon, 13 Aug 2018 16:48:11 +0200},
  bibsource = {dblp computer science bibliography, https://dblp.org}
}

@article{auto_discrete,
  author    = {Lukasz Kaiser and
               Samy Bengio},
  title     = {Discrete Autoencoders for Sequence Models},
  journal   = {CoRR},
  volume    = {abs/1801.09797},
  year      = {2018},
  archivePrefix = {arXiv},
  eprint    = {1801.09797},
  timestamp = {Mon, 13 Aug 2018 16:47:14 +0200},
  bibsource = {dblp computer science bibliography, https://dblp.org}
}

@article{carla,
  author    = {Alexey Dosovitskiy and
               Germ{\'{a}}n Ros and
               Felipe Codevilla and
               Antonio L{\'{o}}pez and
               Vladlen Koltun},
  title     = {{CARLA:} An Open Urban Driving Simulator},
  journal   = {CoRR},
  volume    = {abs/1711.03938},
  year      = {2017},
  archivePrefix = {arXiv},
  eprint    = {1711.03938},
  timestamp = {Fri, 01 Dec 2017 14:22:24 +0100},
  bibsource = {dblp computer science bibliography, https://dblp.org}
}

@article{modelplanning,
  author    = {Mikael Henaff and 
  			  William F. Whitney and 
              Yann LeCun},
  title     = {Model-Based Planning with Discrete and Continuous Actions},
  archivePrefix = {arXiv},
  eprint    = {1705.07177}
}

@inproceedings{marc_skip,
  author    = {Marc G. Bellemare and
               Joel Veness and
               Erik Talvitie},
  title     = {Skip Context Tree Switching},
  booktitle = {Proceedings of the 31th International Conference on Machine Learning,
               {ICML} },
  pages     = {1458--1466},
  year      = {2014},
  timestamp = {Wed, 29 Mar 2017 16:45:25 +0200},
  bibsource = {dblp computer science bibliography, https://dblp.org}
}

@inproceedings{pathak,
  author    = {Deepak Pathak and
               Pulkit Agrawal and
               Alexei A. Efros and
               Trevor Darrell},
  title     = {Curiosity-driven Exploration by Self-supervised Prediction},
  booktitle = {Proceedings of the 34th International Conference on Machine Learning,
               {ICML} },
  pages     = {2778--2787},
  year      = {2017},
  timestamp = {Wed, 16 Aug 2017 11:08:55 +0200},
  bibsource = {dblp computer science bibliography, https://dblp.org}
}

@inproceedings{marc_bayesian_learning,
  author    = {Marc G. Bellemare and
               Joel Veness and
               Michael Bowling},
  title     = {Bayesian Learning of Recursively Factored Environments},
  booktitle = {Proceedings of the 30th International Conference on Machine Learning,
               {ICML} },
  pages     = {1211--1219},
  year      = {2013},
  timestamp = {Wed, 29 Mar 2017 16:45:25 +0200},
  bibsource = {dblp computer science bibliography, https://dblp.org}
}

@article{huber,
  author    = {J{\"{u}}rgen Schmidhuber and
               Rudolf Huber},
  title     = {Learning to Generate Artificial Fovea Trajectories for Target Detection},
  journal   = {Int. J. Neural Syst.},
  volume    = {2},
  number    = {1-2},
  pages     = {125--134},
  year      = {1991},
  timestamp = {Sun, 28 May 2017 13:17:08 +0200},
  bibsource = {dblp computer science bibliography, https://dblp.org}
}

@inproceedings{low_cost,
  author    = {Marc Peter Deisenroth and
               Carl Edward Rasmussen and
               Dieter Fox},
  title     = {Learning to Control a Low-Cost Manipulator using Data-Efficient Reinforcement
               Learning},
  booktitle = {Robotics: Science and Systems VII},
  year      = {2011},
  timestamp = {Sun, 18 Dec 2011 20:27:03 +0100},
  bibsource = {dblp computer science bibliography, https://dblp.org}
}

@inproceedings{embed_to_control,
  author    = {Manuel Watter and
               Jost Tobias Springenberg and
               Joschka Boedecker and
               Martin A. Riedmiller},
  title     = {Embed to Control: {A} Locally Linear Latent Dynamics Model for Control
               from Raw Images},
  booktitle = {Advances in Neural Information Processing Systems},
  pages     = {2746--2754},
  year      = {2015},
  timestamp = {Fri, 08 Apr 2016 19:32:53 +0200},
  bibsource = {dblp computer science bibliography, https://dblp.org}
}

@inproceedings{deep_spatial,
  author    = {Chelsea Finn and
               Xin Yu Tan and
               Yan Duan and
               Trevor Darrell and
               Sergey Levine and
               Pieter Abbeel},
  title     = {Deep spatial autoencoders for visuomotor learning},
  booktitle = { {IEEE} International Conference on Robotics and Automation, {ICRA}
               },
  pages     = {512--519},
  year      = {2016},
  bibsource = {dblp computer science bibliography, https://dblp.org}
}

@inproceedings{raw_visual,
  author    = {Sascha Lange and
               Martin A. Riedmiller and
               Arne Voigtl{\"{a}}nder},
  title     = {Autonomous reinforcement learning on raw visual input data in a real
               world application},
  booktitle = {The 2012 International Joint Conference on Neural Networks (IJCNN)},
  year      = {2012},
  timestamp = {Fri, 26 May 2017 00:50:15 +0200},
  bibsource = {dblp computer science bibliography, https://dblp.org}
}

@article{ga3c,
  title={Reinforcement learning through asynchronous advantage actor-critic on a gpu},
  author={Babaeizadeh, Mohammad and Frosio, Iuri and Tyree, Stephen and Clemons, Jason and Kautz, Jan},
  journal={arXiv preprint arXiv:1611.06256},
  year={2016}
}

@incollection{mcts_atari,
title = {Deep Learning for Real-Time Atari Game Play Using Offline Monte-Carlo Tree Search Planning},
author = {Guo, Xiaoxiao and Singh, Satinder and Lee, Honglak and Lewis, Richard L and Wang, Xiaoshi},
booktitle = {Advances in Neural Information Processing Systems 27},
pages = {3338--3346},
year = {2014},
publisher = {Curran Associates, Inc.},
}

@article{openai_gym,
  author    = {Greg Brockman and
               Vicki Cheung and
               Ludwig Pettersson and
               Jonas Schneider and
               John Schulman and
               Jie Tang and
               Wojciech Zaremba},
  title     = {OpenAI Gym},
  journal   = {CoRR},
  volume    = {abs/1606.01540},
  year      = {2016},
  archivePrefix = {arXiv},
  eprint    = {1606.01540},
  timestamp = {Wed, 07 Jun 2017 14:41:24 +0200},
  bibsource = {dblp computer science bibliography, https://dblp.org}
}

@article{matters,
  author    = {Peter Henderson and
               Riashat Islam and
               Philip Bachman and
               Joelle Pineau and
               Doina Precup and
               David Meger},
  title     = {Deep Reinforcement Learning that Matters},
  journal   = {CoRR},
  volume    = {abs/1709.06560},
  year      = {2017},
  archivePrefix = {arXiv},
  eprint    = {1709.06560},
  timestamp = {Tue, 17 Oct 2017 12:29:59 +0200},
  bibsource = {dblp computer science bibliography, https://dblp.org}
}


@inproceedings{ale,
  author    = {Marc G. Bellemare and
               Yavar Naddaf and
               Joel Veness and
               Michael Bowling},
  title     = {The Arcade Learning Environment: An Evaluation Platform for General
               Agents (Extended Abstract)},
  booktitle = {Proceedings of the Twenty-Fourth International Joint Conference on
               Artificial Intelligence, {IJCAI}},
  pages     = {4148--4152},
  year      = {2015},
  timestamp = {Wed, 20 Jul 2016 15:18:06 +0200},
  bibsource = {dblp computer science bibliography, https://dblp.org}
}

@article{ale2,
  author    = {Marlos C. Machado and
               Marc G. Bellemare and
               Erik Talvitie and
               Joel Veness and
               Matthew J. Hausknecht and
               Michael Bowling},
  title     = {Revisiting the Arcade Learning Environment: Evaluation Protocols and
               Open Problems for General Agents},
  journal   = {CoRR},
  volume    = {abs/1709.06009},
  year      = {2017},
  archivePrefix = {arXiv},
  eprint    = {1709.06009},
  timestamp = {Thu, 05 Oct 2017 01:00:00 +0200},
  bibsource = {dblp computer science bibliography, https://dblp.org}
}

@article{rainbow,
  author    = {Matteo Hessel and
               Joseph Modayil and
               Hado van Hasselt and
               Tom Schaul and
               Georg Ostrovski and
               Will Dabney and
               Daniel Horgan and
               Bilal Piot and
               Mohammad Gheshlaghi Azar and
               David Silver},
  title     = {Rainbow: Combining Improvements in Deep Reinforcement Learning},
  journal   = {CoRR},
  volume    = {abs/1710.02298},
  year      = {2017},
  archivePrefix = {arXiv},
  eprint    = {1710.02298},
  timestamp = {Wed, 01 Nov 2017 19:05:43 +0100},
  bibsource = {dblp computer science bibliography, https://dblp.org}
}

@article{dqn,
  author    = {Volodymyr Mnih and
               Koray Kavukcuoglu and
               David Silver and
               Alex Graves and
               Ioannis Antonoglou and
               Daan Wierstra and
               Martin A. Riedmiller},
  title     = {Playing Atari with Deep Reinforcement Learning},
  journal   = {CoRR},
  volume    = {abs/1312.5602},
  year      = {2013},
  archivePrefix = {arXiv},
  eprint    = {1312.5602},
  timestamp = {Wed, 07 Jun 2017 14:43:06 +0200},
  bibsource = {dblp computer science bibliography, https://dblp.org}
}

@article{dqn2,
  author    = {Volodymyr Mnih and
               Koray Kavukcuoglu and
               David Silver and
               Andrei A. Rusu and
               Joel Veness and
               Marc G. Bellemare and
               Alex Graves and
               Martin A. Riedmiller and
               Andreas Fidjeland and
               Georg Ostrovski and
               Stig Petersen and
               Charles Beattie and
               Amir Sadik and
               Ioannis Antonoglou and
               Helen King and
               Dharshan Kumaran and
               Daan Wierstra and
               Shane Legg and
               Demis Hassabis},
  title     = {Human-level control through deep reinforcement learning},
  journal   = {Nature},
  volume    = {518},
  number    = {7540},
  pages     = {529--533},
  year      = {2015},
  timestamp = {Sat, 20 May 2017 00:24:51 +0200},
  bibsource = {dblp computer science bibliography, https://dblp.org}
}

@inproceedings{a3c,
  author    = {Volodymyr Mnih and
               Adri{\`{a}} Puigdom{\`{e}}nech Badia and
               Mehdi Mirza and
               Alex Graves and
               Timothy P. Lillicrap and
               Tim Harley and
               David Silver and
               Koray Kavukcuoglu},
  title     = {Asynchronous Methods for Deep Reinforcement Learning},
  booktitle = {Proceedings of the 33nd International Conference on Machine Learning,
               {ICML} },
  pages     = {1928--1937},
  year      = {2016},
  timestamp = {Tue, 12 Jul 2016 21:51:16 +0200},
  bibsource = {dblp computer science bibliography, https://dblp.org}
}

@book{sutton_barto_2017,
  author    = {Richard S. Sutton and
               Andrew G. Barto},
  title     = {Reinforcement learning - an introduction, 2nd edition (work in progress)},
  series    = {Adaptive computation and machine learning},
  publisher = {{MIT} Press},
  year      = {2017},
}

@inproceedings{pixel1,
  author    = {Manuel Watter and
               Jost Tobias Springenberg and
               Joschka Boedecker and
               Martin A. Riedmiller},
  title     = {Embed to Control: {A} Locally Linear Latent Dynamics Model for Control
               from Raw Images},
  booktitle = {Advances in Neural Information Processing Systems},
  pages     = {2746--2754},
  year      = {2015},
  timestamp = {Fri, 08 Apr 2016 19:32:53 +0200},
  bibsource = {dblp computer science bibliography, https://dblp.org}
}

@inproceedings{mujoco,
  author    = {Emanuel Todorov and
               Tom Erez and
               Yuval Tassa},
  title     = {MuJoCo: {A} physics engine for model-based control},
  booktitle = {2012 {IEEE/RSJ} International Conference on Intelligent Robots and
               Systems, {IROS} },
  pages     = {5026--5033},
  year      = {2012},
  timestamp = {Mon, 22 May 2017 17:11:44 +0200},
  bibsource = {dblp computer science bibliography, https://dblp.org}
}

@article{pixel2,
  author    = {Niklas Wahlstr{\"{o}}m and
               Thomas B. Sch{\"{o}}n and
               Marc Peter Deisenroth},
  title     = {From Pixels to Torques: Policy Learning with Deep Dynamical Models},
  journal   = {CoRR},
  volume    = {abs/1502.02251},
  year      = {2015},
  archivePrefix = {arXiv},
  eprint    = {1502.02251},
  timestamp = {Wed, 07 Jun 2017 14:43:09 +0200},
  bibsource = {dblp computer science bibliography, https://dblp.org}
}

@article{pixel3,
  author    = {Sergey Levine and
               Chelsea Finn and
               Trevor Darrell and
               Pieter Abbeel},
  title     = {End-to-End Training of Deep Visuomotor Policies},
  journal   = {Journal of Machine Learning Research},
  volume    = {17},
  pages     = {39:1--39:40},
  year      = {2016},
  timestamp = {Mon, 31 Jul 2017 15:00:40 +0200},
  bibsource = {dblp computer science bibliography, https://dblp.org}
}


@article{dagger,
  author    = {St{\'{e}}phane Ross and
               Geoffrey J. Gordon and
               J. Andrew Bagnell},
  title     = {No-Regret Reductions for Imitation Learning and Structured Prediction},
  journal   = {CoRR},
  volume    = {abs/1011.0686},
  year      = {2010},
  archivePrefix = {arXiv},
  eprint    = {1011.0686},
  timestamp = {Wed, 07 Jun 2017 14:41:06 +0200},
  bibsource = {dblp computer science bibliography, https://dblp.org}
}

@article{recurrent,
  author    = {Silvia Chiappa and
               S{\'{e}}bastien Racani{\`{e}}re and
               Daan Wierstra and
               Shakir Mohamed},
  title     = {Recurrent Environment Simulators},
  journal   = {CoRR},
  volume    = {abs/1704.02254},
  year      = {2017}
}

@article{world_models,
  author    = {David Ha and
               J{\"{u}}rgen Schmidhuber},
  title     = {World Models},
  journal   = {CoRR},
  volume    = {abs/1803.10122},
  year      = {2018}
}

@inproceedings{video_prediction,
  author    = {Junhyuk Oh and
               Xiaoxiao Guo and
               Honglak Lee and
               Richard L. Lewis and
               Satinder P. Singh},
  title     = {Action-Conditional Video Prediction using Deep Networks in Atari Games},
  booktitle = {{NIPS}},
  pages     = {2863--2871},
  year      = {2015}
}

@article{ppo,
  author    = {John Schulman and
               Filip Wolski and
               Prafulla Dhariwal and
               Alec Radford and
               Oleg Klimov},
  title     = {Proximal Policy Optimization Algorithms},
  journal   = {CoRR},
  volume    = {abs/1707.06347},
  year      = {2017}
}

@article{trpo_ensemble,
  author    = {Thanard Kurutach and
               Ignasi Clavera and
               Yan Duan and
               Aviv Tamar and
               Pieter Abbeel},
  title     = {Model-Ensemble Trust-Region Policy Optimization},
  journal   = {CoRR},
  volume    = {abs/1802.10592},
  year      = {2018},
  archivePrefix = {arXiv},
  eprint    = {1802.10592},
  timestamp = {Fri, 02 Mar 2018 13:46:22 +0100},
  bibsource = {dblp computer science bibliography, https://dblp.org}
}



@article{mpc_model_based,
  author    = {Anusha Nagabandi and
               Gregory Kahn and
               Ronald S. Fearing and
               Sergey Levine},
  title     = {Neural Network Dynamics for Model-Based Deep Reinforcement Learning
               with Model-Free Fine-Tuning},
  journal   = {CoRR},
  volume    = {abs/1708.02596},
  year      = {2017},
  archivePrefix = {arXiv},
  eprint    = {1708.02596},
  timestamp = {Tue, 05 Sep 2017 10:03:46 +0200},
  bibsource = {dblp computer science bibliography, https://dblp.org}
}

@article{imagination_metacontrol,
  author    = {Jessica B. Hamrick and
               Andrew J. Ballard and
               Razvan Pascanu and
               Oriol Vinyals and
               Nicolas Heess and
               Peter W. Battaglia},
  title     = {Metacontrol for Adaptive Imagination-Based Optimization},
  journal   = {CoRR},
  volume    = {abs/1705.02670},
  year      = {2017},
  archivePrefix = {arXiv},
  eprint    = {1705.02670},
  timestamp = {Wed, 07 Jun 2017 14:42:37 +0200},
  bibsource = {dblp computer science bibliography, https://dblp.org}
}

@article{imagination_model_based_planning,
  author    = {Razvan Pascanu and
               Yujia Li and
               Oriol Vinyals and
               Nicolas Heess and
               Lars Buesing and
               S{\'{e}}bastien Racani{\`{e}}re and
               David P. Reichert and
               Theophane Weber and
               Daan Wierstra and
               Peter Battaglia},
  title     = {Learning model-based planning from scratch},
  journal   = {CoRR},
  volume    = {abs/1707.06170},
  year      = {2017},
  archivePrefix = {arXiv},
  eprint    = {1707.06170},
  timestamp = {Mon, 14 Aug 2017 09:13:24 +0200},
  bibsource = {dblp computer science bibliography, https://dblp.org}
}

@article{acktr,
  author    = {Yuhuai Wu and
               Elman Mansimov and
               Shun Liao and
               Roger B. Grosse and
               Jimmy Ba},
  title     = {Scalable trust-region method for deep reinforcement learning using
               Kronecker-factored approximation},
  journal   = {CoRR},
  volume    = {abs/1708.05144},
  year      = {2017},
  archivePrefix = {arXiv},
  eprint    = {1708.05144},
  timestamp = {Tue, 05 Sep 2017 10:03:46 +0200},
  bibsource = {dblp computer science bibliography, https://dblp.org}
}

@inproceedings{cdna,
 author = {Finn, Chelsea and Goodfellow, Ian and Levine, Sergey},
 title = {Unsupervised Learning for Physical Interaction Through Video Prediction},
 booktitle = {Proceedings of the 30th International Conference on Neural Information Processing Systems},
 series = {NIPS'16},
 year = {2016},
 isbn = {978-1-5108-3881-9},
 location = {Barcelona, Spain},
 pages = {64--72},
 numpages = {9},
 acmid = {3157104},
 publisher = {Curran Associates Inc.},
 address = {USA},
} 

article{Buesingatal2018,
  author    = {Lars Buesing and
               Theophane Weber and
               S{\'{e}}bastien Racani{\`{e}}re and
               S. M. Ali Eslami and
               Danilo Jimenez Rezende and
               David P. Reichert and
               Fabio Viola and
               Frederic Besse and
               Karol Gregor and
               Demis Hassabis and
               Daan Wierstra},
  title     = {Learning and Querying Fast Generative Models for Reinforcement Learning},
  journal   = {CoRR},
  volume    = {abs/1802.03006},
  year      = {2018},
  archivePrefix = {arXiv},
  eprint    = {1802.03006},
  timestamp = {Mon, 13 Aug 2018 16:47:45 +0200},
  bibsource = {dblp computer science bibliography, https://dblp.org}
}

@inproceedings{van2017neural,
  title={Neural discrete representation learning},
  author={van den Oord, Aaron and Vinyals, Oriol and others},
  booktitle={Advances in Neural Information Processing Systems},
  pages={6306--6315},
  year={2017}
}

@article{kingma2013auto,
  title={Auto-encoding variational bayes},
  author={Kingma, Diederik P and Welling, Max},
  journal={arXiv preprint arXiv:1312.6114},
  year={2013}
}

@article{hochreiter1997long,
  title={Long short-term memory},
  author={Hochreiter, Sepp and Schmidhuber, J{\"u}rgen},
  journal={Neural computation},
  volume={9},
  number={8},
  pages={1735--1780},
  year={1997},
  publisher={MIT Press}
}

@article{srivastava2014dropout,
  title={Dropout: a simple way to prevent neural networks from overfitting},
  author={Srivastava, Nitish and Hinton, Geoffrey and Krizhevsky, Alex and Sutskever, Ilya and Salakhutdinov, Ruslan},
  journal={The Journal of Machine Learning Research},
  volume={15},
  number={1},
  pages={1929--1958},
  year={2014},
  publisher={JMLR. org}
}

@proceedings{DBLP:conf/icra/2016,
  editor    = {Danica Kragic and
               Antonio Bicchi and
               Alessandro De Luca},
  title     = {2016 {IEEE} International Conference on Robotics and Automation, {ICRA}},
  publisher = {{IEEE}},
  year      = {2016},
  isbn      = {978-1-4673-8026-3},
  timestamp = {Tue, 25 Jul 2017 15:14:18 +0200},
  biburl    = {https://dblp.org/rec/bib/conf/icra/2016},
  bibsource = {dblp computer science bibliography, https://dblp.org}
}
@proceedings{DBLP:conf/icml/2018,
  editor    = {Jennifer G. Dy and
               Andreas Krause},
  title     = {Proceedings of the 35th International Conference on Machine Learning,
               {ICML}},
  series    = {{JMLR} Workshop and Conference Proceedings},
  volume    = {80},
  publisher = {JMLR.org},
  year      = {2018},
  timestamp = {Fri, 13 Jul 2018 14:57:00 +0200},
  biburl    = {https://dblp.org/rec/bib/conf/icml/2018},
  bibsource = {dblp computer science bibliography, https://dblp.org}
}

@proceedings{DBLP:conf/icml/2016,
  editor    = {Maria{-}Florina Balcan and
               Kilian Q. Weinberger},
  title     = {Proceedings of the 33nd International Conference on Machine Learning,
               {ICML}},
  series    = {{JMLR} Workshop and Conference Proceedings},
  volume    = {48},
  publisher = {JMLR.org},
  year      = {2016},
  timestamp = {Tue, 12 Jul 2016 21:51:16 +0200},
  biburl    = {https://dblp.org/rec/bib/conf/icml/2016},
  bibsource = {dblp computer science bibliography, https://dblp.org}
}

@proceedings{DBLP:conf/nips/2015,
  editor    = {Corinna Cortes and
               Neil D. Lawrence and
               Daniel D. Lee and
               Masashi Sugiyama and
               Roman Garnett},
  title     = {Advances in Neural Information Processing Systems 28: Annual Conference
               on Neural Information Processing Systems},
  year      = {2015},
   
  timestamp = {Fri, 08 Apr 2016 19:32:52 +0200},
  biburl    = {https://dblp.org/rec/bib/conf/nips/2015},
  bibsource = {dblp computer science bibliography, https://dblp.org}
}



@proceedings{DBLP:conf/aaaiss/2017,
  title     = {2017 {AAAI} Spring Symposia, Stanford University},
  publisher = {{AAAI} Press},
  year      = {2017},
  timestamp = {Tue, 13 Nov 2018 17:37:21 +0100},
  biburl    = {https://dblp.org/rec/bib/conf/aaaiss/2017},
  bibsource = {dblp computer science bibliography, https://dblp.org}
}

@proceedings{DBLP:conf/ijcai/2015,
  editor    = {Qiang Yang and
               Michael Wooldridge},
  title     = {Proceedings of the Twenty-Fourth International Joint Conference on
               Artificial Intelligence, {IJCAI}},
  publisher = {{AAAI} Press},
  year      = {2015},
  isbn      = {978-1-57735-738-4},
  timestamp = {Wed, 20 Jul 2016 15:18:06 +0200},
  biburl    = {https://dblp.org/rec/bib/conf/ijcai/2015},
  bibsource = {dblp computer science bibliography, https://dblp.org}
}

@article{DBLP:journals/corr/abs-1812-06110,
  author    = {Pablo Samuel Castro and
               Subhodeep Moitra and
               Carles Gelada and
               Saurabh Kumar and
               Marc G. Bellemare},
  title     = {Dopamine: {A} Research Framework for Deep Reinforcement Learning},
  journal   = {CoRR},
  volume    = {abs/1812.06110},
  year      = {2018},
  archivePrefix = {arXiv},
  eprint    = {1812.06110},
  timestamp = {Tue, 01 Jan 2019 15:01:25 +0100},
  biburl    = {https://dblp.org/rec/bib/journals/corr/abs-1812-06110},
  bibsource = {dblp computer science bibliography, https://dblp.org}
}

@article{dyna_dqn,
  author    = {G. Zacharias Holland and
               Erik Talvitie and
               Michael Bowling},
  title     = {The Effect of Planning Shape on Dyna-style Planning in High-dimensional
               State Spaces},
  journal   = {CoRR},
  volume    = {abs/1806.01825},
  year      = {2018},
  url       = {http://arxiv.org/abs/1806.01825},
  archivePrefix = {arXiv},
  eprint    = {1806.01825},
  timestamp = {Mon, 13 Aug 2018 16:46:06 +0200},
  biburl    = {https://dblp.org/rec/bib/journals/corr/abs-1806-01825},
  bibsource = {dblp computer science bibliography, https://dblp.org}
}

@article{gats,
  author    = {Kamyar Azizzadenesheli and
               Brandon Yang and
               Weitang Liu and
               Emma Brunskill and
               Zachary C. Lipton and
               Animashree Anandkumar},
  title     = {Sample-Efficient Deep {RL} with Generative Adversarial Tree Search},
  journal   = {CoRR},
  volume    = {abs/1806.05780},
  year      = {2018},
  url       = {http://arxiv.org/abs/1806.05780},
  archivePrefix = {arXiv},
  eprint    = {1806.05780},
  timestamp = {Mon, 13 Aug 2018 16:46:58 +0200},
  biburl    = {https://dblp.org/rec/bib/journals/corr/abs-1806-05780},
  bibsource = {dblp computer science bibliography, https://dblp.org}
}

@inproceedings{venkatraman,
  author    = {Arun Venkatraman and
               Roberto Capobianco and
               Lerrel Pinto and
               Martial Hebert and
               Daniele Nardi and
               J. Andrew Bagnell},
  title     = {Improved Learning of Dynamics Models for Control},
  booktitle = {International Symposium on Experimental Robotics, {ISER} 2016, Tokyo,
               Japan, October 3-6, 2016.},
  pages     = {703--713},
  year      = {2016},
  crossref  = {DBLP:conf/iser/2016},
  url       = {https://doi.org/10.1007/978-3-319-50115-4\_61},
  doi       = {10.1007/978-3-319-50115-4\_61},
  timestamp = {Tue, 06 Feb 2018 09:21:52 +0100},
  biburl    = {https://dblp.org/rec/bib/conf/iser/VenkatramanCPHN16},
  bibsource = {dblp computer science bibliography, https://dblp.org}
}